<record xmlns:xsi="http://www.w3.org/2001/XMLSchema-instance" xmlns="http://www.loc.gov/MARC21/slim" xsi:schemaLocation="http://www.loc.gov/MARC21/slim http://www.loc.gov/standards/marcxml/schema/MARC21slim.xsd">

  <leader>00858nam a2200193Ia 4500</leader>
  <datafield ind1=" " tag="999" ind2=" ">
    <subfield code="c">1764</subfield>
    <subfield code="d">1764</subfield>
  </datafield>
  <controlfield tag="008">141002s2008    cr            000 | und d</controlfield>
  <datafield ind1=" " tag="090" ind2=" ">
    <subfield code="a">06.03.06 </subfield>
    <subfield code="b">1573</subfield>
  </datafield>
  <datafield tag="110" ind2=" " ind1="1">
    <subfield code="a">Consejo Nacional de Rectores. Oficina de Planificación de la Educación Superior</subfield>
    <subfield code="9">44</subfield>
  </datafield>
  <datafield ind1="1" ind2="0" tag="245">
    <subfield code="a">Impacto de la investigación en las instituciones de educación superior universitaria estatal de Costa Rica. 1998-2005 / </subfield>
    <subfield code="c">Consejo Nacional de Rectores. Oficina de Planificación de la Educación Superior</subfield>
  </datafield>
  <datafield tag="260" ind2=" " ind1=" ">
    <subfield code="a">San José, Costa Rica. : </subfield>
    <subfield code="b">CONARE, OPES, </subfield>
    <subfield code="c">2008</subfield>
  </datafield>
  <datafield tag="300" ind2=" " ind1=" ">
    <subfield code="a">99 páginas; </subfield>
    <subfield code="b">cuadros, gráficos </subfield>
  </datafield>
  <datafield ind1="1" ind2="4" tag="650">
    <subfield code="a">EDUCACIÓN SUPERIOR</subfield>
    <subfield code="9">8</subfield>
  </datafield>
  <datafield tag="650" ind2="4" ind1="1">
    <subfield code="a">INVESTIGACIÓN</subfield>
    <subfield code="9">163</subfield>
  </datafield>
  <datafield ind1="1" ind2="4" tag="650">
    <subfield code="a">PUBLICACIONES PERIÓDICAS</subfield>
    <subfield code="9">3</subfield>
  </datafield>
  <datafield ind1=" " ind2=" " tag="942">
    <subfield code="2">z</subfield>
    <subfield code="c">01</subfield>
  </datafield>
</record>